# wikipedia liste des frameworks
@misc{enwikiframeworks,
  author = "{Wikipedia contributors}",
  title = "List of unit testing frameworks --- {Wikipedia}{,} The Free Encyclopedia",
  year = "2023",
  note = "[Online; accessed 29-May-2023]",
  urldate = {2023-03-03},
  url="https://en.wikipedia.org/w/index.php?title=List_of_unit_testing_frameworks&oldid=1143492860",
  keywords="web"
}

# testing embedded without hardware
@article{article,
  author = {Engblom, Jakob and Girard, Guillaume and Werner, Bengt},
  year = {2006},
  month = {01},
  pages = {},
  title = {Testing Embedded Software using Simulated Hardware},
  url = {https://hal.science/hal-02270472v1/file/7B4_J.Engblom_Virtutech%20%281%29.pdf},
  keywords="paper"
}

# tuto flex bison
@online{cppparsing,
  author = "Cpptutor",
  title = "Generating C++ programs with flex and bison",
  year = "2020",
  urldate = {2023-03-03},
  url="https://learnmoderncpp.com/2020/12/18/generating-c-programs-with-flex-and-bison-3/",
  howpublished = {\url{https://learnmoderncpp.com/2020/12/18/generating-c-programs-with-flex-and-bison-3/}},
  keywords="web"
}

# présentation du protocol I2C
@article{mankar2014review,
  title={Review of I2C protocol},
  author={Mankar, Jayant and Darode, Chaitali and Trivedi, Komal and Kanoje, Madhura and Shahare, Prachi},
  journal={International Journal of Research in Advent Technology},
  volume={2},
  number={1},
  year={2014},
  publisher={Citeseer},
  url={https://citeseerx.ist.psu.edu/document?repid=rep1&type=pdf&doi=314537daa1f601f83044b25b68e2af6c8f331f3f},
  keywords="paper"
}

# article sur le spi
@article{dhaker2018introduction,
  title={Introduction to SPI interface},
  author={Dhaker, Piyu},
  journal={Analog Dialogue},
  volume={52},
  number={3},
  pages={49--53},
  year={2018},
  url={https://b2.sisoog.com/file/zmedia/dex/cd38acc402d52de93a241ca2fcb833b5_introduction-to-spi-interface.pdf},
  keywords="paper"
}

# article sur le spi
@inproceedings{li2014design,
  title={Design of microcontroller standard SPI interface},
  author={Li, Li Li and He, Jing Yu and Zhao, Yong Peng and Yang, Jian Hong},
  booktitle={Applied Mechanics and Materials},
  volume={618},
  pages={563--568},
  year={2014},
  organization={Trans Tech Publ},
  url={https://www.researchgate.net/profile/Jianhong-Yang-2/publication/286761932_Design_of_Microcontroller_Standard_SPI_Interface/links/58bfe7eba6fdcc63d6d1bb37/Design-of-Microcontroller-Standard-SPI-Interface.pdf},
  keywords="paper"
}

# intégration continue système embarqués simulation
@inproceedings{engblom2015continuous,
  title={Continuous integration for embedded systems using simulation},
  author={Engblom, Jakob},
  booktitle={Embedded World 2015 Congress},
  pages={18},
  year={2015},
  url={http://www.engbloms.se/publications/engblom-ci-ew2015.pdf},
  keywords="paper"
}

# intégration continue systèmes embarqués
@inproceedings{maartensson2016continuous,
  title={Continuous integration applied to software-intensive embedded systems--problems and experiences},
  author={M{\aa}rtensson, Torvald and St{\aa}hl, Daniel and Bosch, Jan},
  booktitle={Product-Focused Software Process Improvement: 17th International Conference, PROFES 2016, Trondheim, Norway, November 22-24, 2016, Proceedings 17},
  pages={448--457},
  year={2016},
  organization={Springer},
  url={https://www.researchgate.net/profile/Torvald-Martensson/publication/309706302_Continuous_Integration_Applied_to_Software-Intensive_Embedded_Systems_-_Problems_and_Experiences/links/5beb0d4e4585150b2bb4d803/Continuous-Integration-Applied-to-Software-Intensive-Embedded-Systems-Problems-and-Experiences.pdf},
  keywords="paper"
}

# page 42 => mocking ~= simulation
@book{hamill2004unit,
  title={Unit test frameworks: tools for high-quality software development},
  author={Hamill, Paul},
  year={2004},
  publisher={" O'Reilly Media, Inc."},
  url={https://books.google.fr/books?hl=fr&lr=&id=2ksvdhhnWQsC&oi=fnd&pg=PT7&dq=c+unit+test+framework&ots=AM5ZXbSUG4&sig=jPl1QzC00SPfnBQi6IKXWLPeNzo&redir_esc=y#v=onepage&q=c%20unit%20test%20framework&f=false},
  keywords="paper"
}
